<record><leader>00000cas a2200000 a 4500</leader><controlfield tag="001">7261208</controlfield><controlfield tag="008">810325c19uu9999fluwr n       0   a0eng d</controlfield><datafield ind1=" " ind2=" " tag="010"><subfield code="a">sn 81000790 </subfield></datafield><datafield ind1=" " ind2=" " tag="040"><subfield code="a">NSD</subfield><subfield code="b">eng</subfield><subfield code="c">NSD</subfield><subfield code="d">OCL</subfield><subfield code="d">OCLCQ</subfield></datafield><datafield ind1="1" ind2=" " tag="022"><subfield code="a">0279-7941</subfield><subfield code="l">0279-7941</subfield><subfield code="2">1</subfield></datafield><datafield ind1=" " ind2=" " tag="042"><subfield code="a">nsdp</subfield></datafield><datafield ind1=" " ind2="4" tag="222"><subfield code="a">The Marion leader. The Belleview leader edition</subfield></datafield><datafield ind1="0" ind2="4" tag="245"><subfield code="a">The Marion leader.</subfield></datafield><datafield ind1="1" ind2="7" tag="246"><subfield code="a">Leader</subfield></datafield><datafield ind1=" " ind2=" " tag="250"><subfield code="a">Belleview leader ed.</subfield></datafield><datafield ind1=" " ind2=" " tag="260"><subfield code="a">Ocala, FL :</subfield><subfield code="b">[American Leader Newspapers, Inc.]</subfield></datafield><datafield ind1=" " ind2=" " tag="310"><subfield code="a">Weekly</subfield></datafield><datafield ind1=" " ind2=" " tag="588"><subfield code="a">Description based on: Vol. 4, no. 1 (Feb. 18, 1981); title from caption.</subfield></datafield><datafield ind1="1" ind2=" " tag="775"><subfield code="t">Marion leader</subfield><subfield code="x">0279-6236</subfield><subfield code="w">(OCoLC)7124301</subfield></datafield><datafield ind1=" " ind2=" " tag="936"><subfield code="a">Feb. 18, 1981</subfield></datafield></record>